@book{lobo2007parameter,
  title={Parameter setting in evolutionary algorithms},
  author={Lobo, FJ and Lima, Cl{\'a}udio F and Michalewicz, Zbigniew},
  volume={54},
  year={2007},
  publisher={Springer Science \& Business Media}
}

@article{eiben1999parameter,
  title={Parameter control in evolutionary algorithms},
  author={Eiben, {\'A}goston E and Hinterding, Robert and Michalewicz, Zbigniew},
  journal={IEEE Transactions on evolutionary computation},
  volume={3},
  number={2},
  pages={124--141},
  year={1999},
  publisher={IEEE}
}

@article{grefenstette1986optimization,
  title={Optimization of control parameters for genetic algorithms},
  author={Grefenstette, John J},
  journal={IEEE Transactions on systems, man, and cybernetics},
  volume={16},
  number={1},
  pages={122--128},
  year={1986},
  publisher={IEEE}
}

@inproceedings{pellerin2004self,
  title={Self-adaptive parameters in genetic algorithms},
  author={Pellerin, Eric and Pigeon, Luc and Delisle, Sylvain},
  booktitle={Defense and Security},
  pages={53--64},
  year={2004},
  organization={International Society for Optics and Photonics}
}